<?xml version="1.0" encoding="UTF-8" ?>
<collection xmlns:xsi="http://www.w3.org/2001/XMLSchema-instance"
    xsi:schemaLocation="http://www.loc.gov/MARC21/slim
        http://www.loc.gov/standards/marcxml/schema/MARC21slim.xsd"
    xmlns="http://www.loc.gov/MARC21/slim">
<record>
  <leader>00222cam a2200409 i 4500</leader>
  <controlfield tag="001">b12458351</controlfield>
  <controlfield tag="003">LeBAU</controlfield>
  <controlfield tag="005">20191002</controlfield>
  <controlfield tag="008">970523s1930    le            ||0 0 ara d</controlfield>
  <datafield tag="035" ind1=" " ind2=" ">
    <subfield code="a">ocn784325596</subfield>
  </datafield>
  <datafield tag="040" ind1=" " ind2=" ">
    <subfield code="a">LEAUB</subfield>
    <subfield code="b">ara</subfield>
    <subfield code="e">rda</subfield>
    <subfield code="c">LEAUB</subfield>
    <subfield code="d">LEAUB</subfield>
  </datafield>
  <datafield tag="082" ind1="0" ind2="4">
    <subfield code="a">370.71</subfield>
    <subfield code="2">23</subfield>
  </datafield>
  <datafield tag="110" ind1="1" ind2=" ">
    <subfield code="6">880-01</subfield>
    <subfield code="a">Lebanon.</subfield>
    <subfield code="b">Wizārat al-Tarbiyah al-Waṭanīyah wa-al-Funūn al-Jamīlah.</subfield>
    <subfield code="e">issuing body.</subfield>
    <subfield code="0">https://lccn.loc.gov/n82039980 ,</subfield>
  </datafield>
  <datafield tag="240" ind1="1" ind2="0">
    <subfield code="6">880-02</subfield>
    <subfield code="a">Laws, etc.</subfield>
  </datafield>
  <datafield tag="245" ind1="1" ind2="0">
    <subfield code="6">880-03</subfield>
    <subfield code="a">Marsūm raqm 1825 tārīkh Nīsān 1933 :</subfield>
    <subfield code="b">yakhṭaṣṣu bi-inshāʼ farʻ li-takhrīj muʻallimīn wa-muʻallimāt wa-bi-ṭanẓīm fuḥūṣ al-shahādah al-taʻlīmīyah al-Lubnānīyah  ; Minhāj farʻ takhrīj al-muʻallimīn wa-muʻallimāt wa-al-shahādah al-taʻlīmīyah lil-sanatayn al-ūlá wa-al-thāniyah wa-lil-qismayn al-awwal wa-al-thānī al-mulḥaq bi-al-marsūm raqam 1825 tārīkh 22 Nīsān 1933 /</subfield>
    <subfield code="c">al-Jumhūrīyah al-Lubnānīyah, Wizārat al-Maʻārif al-ʻĀmmah wa-al-Funūn al-Jamīlah.</subfield>
  </datafield>
  <datafield tag="246" ind1=" " ind2="0">
    <subfield code="6">880-04</subfield>
    <subfield code="a">Minhāj farʻ takhrīj al-muʻallimīn wa-muʻallimāt wa-al-shahādah al-taʻlīmīyah</subfield>
  </datafield>
  <datafield tag="264" ind1=" " ind2="1">
    <subfield code="6">880-05</subfield>
    <subfield code="a">Bayrūt :</subfield>
    <subfield code="b">Maṭbaʻat al-Dabbūr,</subfield>
    <subfield code="c">1933.</subfield>
  </datafield>
  <datafield tag="300" ind1=" " ind2=" ">
    <subfield code="6">880-06</subfield>
    <subfield code="a">38 pages ;</subfield>
    <subfield code="c">24 cm</subfield>
  </datafield>
  <datafield tag="336" ind1=" " ind2=" ">
    <subfield code="a">text</subfield>
    <subfield code="b">txt</subfield>
    <subfield code="2">rdacontent</subfield>
  </datafield>
  <datafield tag="337" ind1=" " ind2=" ">
    <subfield code="a">unmediated</subfield>
    <subfield code="b">n</subfield>
    <subfield code="2">rdamedia</subfield>
  </datafield>
  <datafield tag="338" ind1=" " ind2=" ">
    <subfield code="a">volume</subfield>
    <subfield code="b">nc</subfield>
    <subfield code="2">rdacarrier</subfield>
  </datafield>
  <datafield tag="500" ind1=" " ind2=" ">
    <subfield code="a">ورد منهاج فرع تخريج المعلمين والمعلمات والشهادة التعليمية للسنتين الأولى والثانية وللقسمين الأول والثاني كملحق بالمرسوم رقم 1825 تاريخ 22 نيسان 1933.</subfield>
  </datafield>
  <datafield tag="650" ind1=" " ind2="4">
    <subfield code="a">المعلمون</subfield>
    <subfield code="x">تدريب</subfield>
    <subfield code="z">لبنان.</subfield>
  </datafield>
  <datafield tag="650" ind1=" " ind2="4">
    <subfield code="a">التربية</subfield>
    <subfield code="x">الدرس والتدريس</subfield>
    <subfield code="z">لبنان.</subfield>
  </datafield>
  <datafield tag="650" ind1=" " ind2="0">
    <subfield code="a">Teachers</subfield>
    <subfield code="x">Training of</subfield>
    <subfield code="z">Lebanon.</subfield>
  </datafield>
  <datafield tag="650" ind1=" " ind2="0">
    <subfield code="a">Education</subfield>
    <subfield code="x">Study and teaching</subfield>
    <subfield code="z">Lebanon.</subfield>
  </datafield>
  <datafield tag="852" ind1=" " ind2=" ">
    <subfield code="a">Jafet Library</subfield>
    <subfield code="e">American University of Beirut, Bliss Street , Beirut, Lebanon.</subfield>
  </datafield>
  <datafield tag="880" ind1="1" ind2=" ">
    <subfield code="6">110-01/(3/r</subfield>
    <subfield code="a">لبنان.</subfield>
    <subfield code="b">وزارة التربية الوطنية والفنون الجميلة،</subfield>
    <subfield code="0">https://lccn.loc.gov/n82039980 ,</subfield>
    <subfield code="e">هيئة اصدار. </subfield>
    <subfield code="4">isb.</subfield>
  </datafield>
  <datafield tag="880" ind1="1" ind2="0">
    <subfield code="6">240-02/(3/r</subfield>
    <subfield code="a">قوانين، إلخ.</subfield>
  </datafield>
  <datafield tag="880" ind1=" " ind2="3">
    <subfield code="6">246-03/(3/r</subfield>
    <subfield code="a">منهاج فرع تخريج المعلمين والمعلمات والشهادة التعليمية </subfield>
  </datafield>
  <datafield tag="880" ind1="1" ind2="0">
    <subfield code="6">245-04/(3/r</subfield>
    <subfield code="a">مرسوم رقم 1825 تاريخ 22 نيسان  1933 :</subfield>
    <subfield code="b">يختص بإنشاء فرع لتخريج معلمين ومعلمات وبتنظيم فحوص الشهادة التعليمية اللبنانية ؛ منهاج فرع تخريج المعلمين والمعلمات والشهادة التعليمية للسنتين الأولى والثانية وللقسمين الأول والثاني الملحق بالمرسوم رقم 1825 تاريخ 22 نيسان 1933 /</subfield>
    <subfield code="c">الجمهورية اللبنانية، وزارة المعارف العامة والفنون الجميلة.</subfield>
  </datafield>
  <datafield tag="880" ind1=" " ind2="1">
    <subfield code="6">264-05/(3/r</subfield>
    <subfield code="a">بيروت :</subfield>
    <subfield code="b">مطبعة الدبور،</subfield>
    <subfield code="c">1933.</subfield>
  </datafield>
  <datafield tag="880" ind1=" " ind2=" ">
    <subfield code="6">300-06/(3/r</subfield>
    <subfield code="a">38 صفحة ؛</subfield>
    <subfield code="c">24 سم</subfield>
  </datafield>
  <datafield tag="907" ind1=" " ind2=" ">
    <subfield code="a">.b12458351</subfield>
    <subfield code="b">19-11-26</subfield>
    <subfield code="c">11-05-24</subfield>
  </datafield>
  <datafield tag="907" ind1=" " ind2=" ">
    <subfield code="a">.b12458351</subfield>
    <subfield code="b">11-10-11</subfield>
    <subfield code="c">11-05-24</subfield>
  </datafield>
  <datafield tag="945" ind1=" " ind2=" ">
    <subfield code="f">J</subfield>
    <subfield code="a">370.71:L441mA</subfield>
    <subfield code="i">01022229</subfield>
    <subfield code="j">.i12938361</subfield>
    <subfield code="l">u0503</subfield>
  </datafield>
  <datafield tag="998" ind1=" " ind2=" ">
    <subfield code="a">u05</subfield>
    <subfield code="b">97-05-23</subfield>
    <subfield code="c">m</subfield>
    <subfield code="d">a  </subfield>
    <subfield code="e">-</subfield>
    <subfield code="f">ara</subfield>
    <subfield code="g">le </subfield>
    <subfield code="h">0</subfield>
    <subfield code="i">1</subfield>
  </datafield>
</record>
</collection>
